@article{power2022grokking,
  title={Grokking: Generalization beyond overfitting on small algorithmic datasets},
  author={Power, Alethea and Burda, Yuri and Edwards, Harri and Babuschkin, Igor and Misra, Vedant},
  journal={arXiv preprint arXiv:2201.02177},
  year={2022}
}

@article{lee2024grokfast,
  title={Grokfast: Accelerated Grokking by Amplifying Slow Gradients},
  author={Lee, Jaerin and Kang, Bong Gyun and Kim, Kihoon and Lee, Kyoung Mu},
  journal={arXiv preprint arXiv:2405.20233},
  year={2024}
}

@article{mohamadi2024you,
  title={Why do you grok? a theoretical analysis of grokking modular addition},
  author={Mohamadi, Mohamad Amin and Li, Zhiyuan and Wu, Lei and Sutherland, Danica J},
  journal={arXiv preprint arXiv:2407.12332},
  year={2024}
}

@article{kumar2023grokking,
  title={Grokking as the transition from lazy to rich training dynamics},
  author={Kumar, Tanishq and Bordelon, Blake and Gershman, Samuel J and Pehlevan, Cengiz},
  journal={arXiv preprint arXiv:2310.06110},
  year={2023}
}

@article{lyu2023dichotomy,
  title={Dichotomy of early and late phase implicit biases can provably induce grokking},
  author={Lyu, Kaifeng and Jin, Jikai and Li, Zhiyuan and Du, Simon S and Lee, Jason D and Hu, Wei},
  journal={arXiv preprint arXiv:2311.18817},
  year={2023}
}